<?xml version="1.0" encoding="UTF-8"?>
<record>
  <leader>-----nas--2200529-i-4500</leader>
  <controlfield tag="001">99371147104906441</controlfield>
  <controlfield tag="005">20230429213018.0</controlfield>
  <controlfield tag="006">m-----o--d--------</controlfield>
  <controlfield tag="007">cr-|||||||||||</controlfield>
  <controlfield tag="008">220118c20219999li-fr-j-o-----0----0eng-c</controlfield>
  <datafield tag="010" ind1=" " ind2=" ">
    <subfield code="a">  2022243124</subfield>
  </datafield>
  <datafield tag="022" ind1=" " ind2=" ">
    <subfield code="a">2783-6207</subfield>
  </datafield>
  <datafield tag="035" ind1=" " ind2=" ">
    <subfield code="a">(OCoLC)1294170936</subfield>
  </datafield>
  <datafield tag="035" ind1=" " ind2=" ">
    <subfield code="a">(CKB)4100000012339078</subfield>
  </datafield>
  <datafield tag="035" ind1=" " ind2=" ">
    <subfield code="a">(CONSER)--2022243124</subfield>
  </datafield>
  <datafield tag="035" ind1=" " ind2=" ">
    <subfield code="a">(EXLCZ)994100000012339078</subfield>
  </datafield>
  <datafield tag="042" ind1=" " ind2=" ">
    <subfield code="a">pcc</subfield>
  </datafield>
  <datafield tag="043" ind1=" " ind2=" ">
    <subfield code="a">e-li---</subfield>
  </datafield>
  <datafield tag="050" ind1=" " ind2="4">
    <subfield code="a">Q350</subfield>
  </datafield>
  <datafield tag="210" ind1="1" ind2=" ">
    <subfield code="a">Inf., Media</subfield>
    <subfield code="b">(Online)</subfield>
  </datafield>
  <datafield tag="222" ind1=" " ind2="0">
    <subfield code="a">Information &amp; Media</subfield>
    <subfield code="b">(Online)</subfield>
  </datafield>
  <datafield tag="245" ind1="0" ind2="0">
    <subfield code="a">Information &amp; media.</subfield>
  </datafield>
  <datafield tag="246" ind1="1" ind2=" ">
    <subfield code="a">Information and media</subfield>
  </datafield>
  <datafield tag="264" ind1=" " ind2="1">
    <subfield code="a">Vilnius :</subfield>
    <subfield code="b">Vilnius University Press,</subfield>
    <subfield code="c">2021-</subfield>
  </datafield>
  <datafield tag="300" ind1=" " ind2=" ">
    <subfield code="a">1 online resource</subfield>
  </datafield>
  <datafield tag="310" ind1=" " ind2=" ">
    <subfield code="a">Semiannual</subfield>
  </datafield>
  <datafield tag="336" ind1=" " ind2=" ">
    <subfield code="a">text</subfield>
    <subfield code="b">txt</subfield>
    <subfield code="2">rdacontent</subfield>
  </datafield>
  <datafield tag="337" ind1=" " ind2=" ">
    <subfield code="a">computer</subfield>
    <subfield code="b">c</subfield>
    <subfield code="2">rdamedia</subfield>
  </datafield>
  <datafield tag="338" ind1=" " ind2=" ">
    <subfield code="a">online resource</subfield>
    <subfield code="b">cr</subfield>
    <subfield code="2">rdacarrier</subfield>
  </datafield>
  <datafield tag="362" ind1="1" ind2=" ">
    <subfield code="a">Began with: Vol. 91 (2021).</subfield>
  </datafield>
  <datafield tag="500" ind1=" " ind2=" ">
    <subfield code="a">Refereed/Peer-reviewed</subfield>
  </datafield>
  <datafield tag="506" ind1="0" ind2=" ">
    <subfield code="f">Unrestricted online access</subfield>
    <subfield code="2">star</subfield>
  </datafield>
  <datafield tag="506" ind1="0" ind2=" ">
    <subfield code="f">Unrestricted online access.</subfield>
    <subfield code="2">star</subfield>
  </datafield>
  <datafield tag="588" ind1="0" ind2=" ">
    <subfield code="a">Vol. 91 (2021); title from cover PDF (publisher's web site, viewed August 15, 2022).</subfield>
  </datafield>
  <datafield tag="588" ind1="1" ind2=" ">
    <subfield code="a">Vol. 93 (2022) (publisher's web site, viewed August 15, 2022).</subfield>
  </datafield>
  <datafield tag="650" ind1=" " ind2="0">
    <subfield code="a">Information technology</subfield>
    <subfield code="v">Periodicals.</subfield>
  </datafield>
  <datafield tag="650" ind1=" " ind2="0">
    <subfield code="a">Communication</subfield>
    <subfield code="v">Periodicals.</subfield>
  </datafield>
  <datafield tag="650" ind1=" " ind2="0">
    <subfield code="a">Mass media</subfield>
    <subfield code="v">Periodicals.</subfield>
  </datafield>
  <datafield tag="650" ind1=" " ind2="0">
    <subfield code="a">Science</subfield>
    <subfield code="z">Lithuania</subfield>
    <subfield code="x">Information services</subfield>
    <subfield code="v">Periodicals.</subfield>
  </datafield>
  <datafield tag="650" ind1=" " ind2="7">
    <subfield code="a">Communication.</subfield>
    <subfield code="2">fast</subfield>
    <subfield code="0">(OCoLC)fst00869952</subfield>
  </datafield>
  <datafield tag="650" ind1=" " ind2="7">
    <subfield code="a">Information technology.</subfield>
    <subfield code="2">fast</subfield>
    <subfield code="0">(OCoLC)fst00973089</subfield>
  </datafield>
  <datafield tag="650" ind1=" " ind2="7">
    <subfield code="a">Mass media.</subfield>
    <subfield code="2">fast</subfield>
    <subfield code="0">(OCoLC)fst01011219</subfield>
  </datafield>
  <datafield tag="650" ind1=" " ind2="7">
    <subfield code="a">Science</subfield>
    <subfield code="x">Information services.</subfield>
    <subfield code="2">fast</subfield>
    <subfield code="0">(OCoLC)fst01108282</subfield>
  </datafield>
  <datafield tag="651" ind1=" " ind2="7">
    <subfield code="a">Lithuania.</subfield>
    <subfield code="2">fast</subfield>
    <subfield code="0">(OCoLC)fst01227863</subfield>
  </datafield>
  <datafield tag="655" ind1=" " ind2="7">
    <subfield code="a">Periodicals.</subfield>
    <subfield code="2">fast</subfield>
    <subfield code="0">(OCoLC)fst01411641</subfield>
  </datafield>
  <datafield tag="655" ind1=" " ind2="7">
    <subfield code="a">Periodicals.</subfield>
    <subfield code="2">lcgft</subfield>
  </datafield>
  <datafield tag="710" ind1="2" ind2=" ">
    <subfield code="a">Vilniaus Universitetas,</subfield>
    <subfield code="e">issuing body.</subfield>
  </datafield>
  <datafield tag="906" ind1=" " ind2=" ">
    <subfield code="a">JOURNAL</subfield>
  </datafield>
  <datafield tag="MBD" ind1=" " ind2=" ">
    <subfield code="M">49HBZ_NETWORK</subfield>
    <subfield code="i">99371147104906441</subfield>
    <subfield code="n">HBZ Network</subfield>
  </datafield>
  <datafield tag="MBD" ind1=" " ind2=" ">
    <subfield code="M">49HBZ_FHA</subfield>
    <subfield code="i">991005885283006444</subfield>
    <subfield code="n">Hochschulbibliothek der FH Aachen</subfield>
  </datafield>
  <datafield tag="MNG" ind1=" " ind2=" ">
    <subfield code="c">system</subfield>
    <subfield code="f">CKB</subfield>
    <subfield code="i">marc21</subfield>
    <subfield code="e">false</subfield>
    <subfield code="d">2023-05-27 23:23:37 Europe/Berlin</subfield>
    <subfield code="g">994100000012339078</subfield>
    <subfield code="a">CKB</subfield>
    <subfield code="b">2022-01-24 00:05:51 Europe/Berlin</subfield>
  </datafield>
  <datafield tag="POR" ind1=" " ind2=" ">
    <subfield code="j">ISSN International Centre</subfield>
    <subfield code="x">System</subfield>
    <subfield code="a">53111522090006444</subfield>
    <subfield code="M">49HBZ_FHA</subfield>
    <subfield code="p">6190458260006444</subfield>
    <subfield code="q">ROAD</subfield>
    <subfield code="c">param</subfield>
    <subfield code="o">614340000000000354</subfield>
    <subfield code="y">2023-02-14 05:33:53 Europe/Berlin</subfield>
    <subfield code="w">2023-02-14 05:33:53 Europe/Berlin</subfield>
    <subfield code="D">https://eu04.alma.exlibrisgroup.com/view/uresolver/49HBZ_NETWORK/openurl?u.ignore_date_coverage=true&amp;portfolio_pid=53111522090006444&amp;Force_direct=true</subfield>
    <subfield code="v">electronic inventory creator</subfield>
    <subfield code="z">2023-02-14 04:33:53</subfield>
    <subfield code="n"> Available from 2021.</subfield>
    <subfield code="i">false</subfield>
    <subfield code="S">6290458250006444</subfield>
    <subfield code="d">https://hbz-network.userservices.exlibrisgroup.com/view/uresolver/49HBZ_NETWORK/openurl?u.ignore_date_coverage=true&amp;rft.mms_id=991005885283006444</subfield>
    <subfield code="b">Available</subfield>
    <subfield code="f">JOURNAL</subfield>
    <subfield code="8">53111522090006444</subfield>
  </datafield>
  <datafield tag="POC" ind1=" " ind2=" ">
    <subfield code="a">53111522090006444</subfield>
    <subfield code="b">2021</subfield>
    <subfield code="d">1</subfield>
    <subfield code="f">1</subfield>
  </datafield>
  <datafield tag="POR" ind1=" " ind2=" ">
    <subfield code="j">DOAJ Directory of Open Access Journals</subfield>
    <subfield code="x">System</subfield>
    <subfield code="a">53100582450006444</subfield>
    <subfield code="M">49HBZ_FHA</subfield>
    <subfield code="p">6190456970006444</subfield>
    <subfield code="q">DOAJ</subfield>
    <subfield code="c">param</subfield>
    <subfield code="o">61111061245432000</subfield>
    <subfield code="y">2022-05-16 06:14:02 Europe/Berlin</subfield>
    <subfield code="w">2022-01-24 00:04:51 Europe/Berlin</subfield>
    <subfield code="D">https://eu04.alma.exlibrisgroup.com/view/uresolver/49HBZ_NETWORK/openurl?u.ignore_date_coverage=true&amp;portfolio_pid=53100582450006444&amp;Force_direct=true</subfield>
    <subfield code="v">electronic inventory creator</subfield>
    <subfield code="z">2022-01-23 23:04:51</subfield>
    <subfield code="n"> Available from 2021.</subfield>
    <subfield code="i">false</subfield>
    <subfield code="S">6290456960006444</subfield>
    <subfield code="d">https://hbz-network.userservices.exlibrisgroup.com/view/uresolver/49HBZ_NETWORK/openurl?u.ignore_date_coverage=true&amp;rft.mms_id=991005885283006444</subfield>
    <subfield code="b">Available</subfield>
    <subfield code="f">JOURNAL</subfield>
    <subfield code="8">53100582450006444</subfield>
  </datafield>
  <datafield tag="POC" ind1=" " ind2=" ">
    <subfield code="a">53100582450006444</subfield>
    <subfield code="b">2021</subfield>
    <subfield code="d">1</subfield>
    <subfield code="f">1</subfield>
  </datafield>
</record>
